<?xml version="1.0"?>
<record>
  <leader>     cam0 22        450 </leader>
  <controlfield tag="001">145805867</controlfield>
  <controlfield tag="002">4,5,10,12,15,16,19,21,23,26,36,38,40,41,50,51,54,56,57,58,61,63,67,70,72,82,83,93,102,107,121,129,133,134,155,179</controlfield>
  <controlfield tag="003">http://www.sudoc.fr/145805867</controlfield>
  <controlfield tag="004">20100722</controlfield>
  <controlfield tag="005">20160629163319.000</controlfield>
  <controlfield tag="006">693872102</controlfield>
  <controlfield tag="007">751052101</controlfield>
  <datafield tag="010" ind1=" " ind2=" ">
    <subfield code="a">978-2-8176-0043-7</subfield>
    <subfield code="b">br.</subfield>
    <subfield code="d">12.90 EUR</subfield>
  </datafield>
  <datafield tag="035" ind1=" " ind2=" ">
    <subfield code="a">(OCoLC)690355001</subfield>
  </datafield>
  <datafield tag="035" ind1=" " ind2=" ">
    <subfield code="1">10</subfield>
    <subfield code="a">486511</subfield>
  </datafield>
  <datafield tag="035" ind1=" " ind2=" ">
    <subfield code="1">21</subfield>
    <subfield code="a">1115203</subfield>
  </datafield>
  <datafield tag="035" ind1=" " ind2=" ">
    <subfield code="1">40</subfield>
    <subfield code="a">234135</subfield>
  </datafield>
  <datafield tag="035" ind1=" " ind2=" ">
    <subfield code="1">50</subfield>
    <subfield code="a">ALP000265162</subfield>
  </datafield>
  <datafield tag="035" ind1=" " ind2=" ">
    <subfield code="1">54</subfield>
    <subfield code="a">alp316109</subfield>
  </datafield>
  <datafield tag="035" ind1=" " ind2=" ">
    <subfield code="1">82</subfield>
    <subfield code="a">ALP490626</subfield>
  </datafield>
  <datafield tag="035" ind1=" " ind2=" ">
    <subfield code="1">83</subfield>
    <subfield code="a">1926511</subfield>
  </datafield>
  <datafield tag="073" ind1=" " ind2="1">
    <subfield code="a">9782817600437</subfield>
  </datafield>
  <datafield tag="100" ind1=" " ind2=" ">
    <subfield code="a">20100722h20102010m  y0frey50      ba</subfield>
  </datafield>
  <datafield tag="101" ind1="0" ind2=" ">
    <subfield code="a">fre</subfield>
  </datafield>
  <datafield tag="102" ind1=" " ind2=" ">
    <subfield code="a">FR</subfield>
  </datafield>
  <datafield tag="105" ind1=" " ind2=" ">
    <subfield code="a">y   z   001yy</subfield>
  </datafield>
  <datafield tag="106" ind1=" " ind2=" ">
    <subfield code="a">r</subfield>
  </datafield>
  <datafield tag="200" ind1="1" ind2=" ">
    <subfield code="a">Les métiers de l&apos;environnement</subfield>
    <subfield code="b">Texte imprimé</subfield>
    <subfield code="f">Roseline Goiran, Dominique Perez</subfield>
  </datafield>
  <datafield tag="205" ind1=" " ind2=" ">
    <subfield code="a">Nouvelle formule</subfield>
  </datafield>
  <datafield tag="210" ind1=" " ind2=" ">
    <subfield code="a">Paris</subfield>
    <subfield code="c">L&apos;Étudiant</subfield>
    <subfield code="d">DL 2010, cop. 2010</subfield>
  </datafield>
  <datafield tag="215" ind1=" " ind2=" ">
    <subfield code="a">1 vol. (159 p.)</subfield>
    <subfield code="d">18 cm</subfield>
  </datafield>
  <datafield tag="225" ind1="0" ind2=" ">
    <subfield code="a">[Les guides de &quot;L&apos;Étudiant&quot;]</subfield>
    <subfield code="i">Série Métiers</subfield>
    <subfield code="x">1271-948X</subfield>
  </datafield>
  <datafield tag="308" ind1=" " ind2=" ">
    <subfield code="a">ISSN de la collection principale : 1262-327X ; numérotation dans la collection principale : 518</subfield>
  </datafield>
  <datafield tag="312" ind1=" " ind2=" ">
    <subfield code="a">La couv. porte en plus : &quot;A partir de vos questions aux salons de l&apos;Étudiant&quot;</subfield>
  </datafield>
  <datafield tag="320" ind1=" " ind2=" ">
    <subfield code="a">Index</subfield>
  </datafield>
  <datafield tag="410" ind1=" " ind2="|">
    <subfield code="0">013865811</subfield>
    <subfield code="t">Les Guides de L&apos;Étudiant</subfield>
    <subfield code="x">1262-327X</subfield>
    <subfield code="v">518</subfield>
  </datafield>
  <datafield tag="410" ind1=" " ind2="|">
    <subfield code="0">040484173</subfield>
    <subfield code="t">Les Guides de l&apos;Étudiant. Série Métiers</subfield>
    <subfield code="x">1271-948X</subfield>
  </datafield>
  <datafield tag="606" ind1=" " ind2=" ">
    <subfield code="3">027741966</subfield>
    <subfield code="a">Environnement, Métiers de l&apos;</subfield>
    <subfield code="3">027226794</subfield>
    <subfield code="y">France</subfield>
    <subfield code="3">027790045</subfield>
    <subfield code="x">Guides pratiques et mémentos</subfield>
    <subfield code="2">rameau</subfield>
  </datafield>
  <datafield tag="700" ind1=" " ind2="1">
    <subfield code="3">14580626X</subfield>
    <subfield code="a">Goiran</subfield>
    <subfield code="b">Roseline</subfield>
    <subfield code="4">070</subfield>
  </datafield>
  <datafield tag="701" ind1=" " ind2="1">
    <subfield code="3">034964223</subfield>
    <subfield code="a">Perez</subfield>
    <subfield code="b">Dominique</subfield>
    <subfield code="f">1962-....</subfield>
    <subfield code="4">070</subfield>
  </datafield>
  <datafield tag="801" ind1=" " ind2="3">
    <subfield code="a">FR</subfield>
    <subfield code="b">Abes</subfield>
    <subfield code="c">20160629</subfield>
    <subfield code="g">AFNOR</subfield>
  </datafield>
  <datafield tag="930" ind1=" " ind2=" ">
    <subfield code="5">130552108:404732410</subfield>
    <subfield code="b">130552108</subfield>
    <subfield code="a">371.4 MET</subfield>
    <subfield code="j">g</subfield>
  </datafield>
  <datafield tag="940" ind1=" " ind2=" ">
    <subfield code="5">130552108:404732410</subfield>
    <subfield code="a">20100917</subfield>
    <subfield code="b">x</subfield>
  </datafield>
  <datafield tag="941" ind1=" " ind2=" ">
    <subfield code="5">130552108:404732410</subfield>
    <subfield code="a">20110622</subfield>
    <subfield code="b">16:47:21.000</subfield>
  </datafield>
  <datafield tag="930" ind1=" " ind2=" ">
    <subfield code="5">130552104:407903089</subfield>
    <subfield code="b">130552104</subfield>
    <subfield code="j">u</subfield>
  </datafield>
  <datafield tag="940" ind1=" " ind2=" ">
    <subfield code="5">130552104:407903089</subfield>
    <subfield code="a">20101026</subfield>
    <subfield code="b">x</subfield>
  </datafield>
  <datafield tag="941" ind1=" " ind2=" ">
    <subfield code="5">130552104:407903089</subfield>
    <subfield code="a">20101026</subfield>
    <subfield code="b">17:21:18.000</subfield>
  </datafield>
  <datafield tag="915" ind1=" " ind2=" ">
    <subfield code="5">800212102:404801854</subfield>
    <subfield code="b">0057512124</subfield>
  </datafield>
  <datafield tag="930" ind1=" " ind2=" ">
    <subfield code="5">800212102:404801854</subfield>
    <subfield code="b">800212102</subfield>
    <subfield code="a">QH 541 GOI</subfield>
    <subfield code="j">u</subfield>
  </datafield>
  <datafield tag="940" ind1=" " ind2=" ">
    <subfield code="5">800212102:404801854</subfield>
    <subfield code="a">20100920</subfield>
    <subfield code="b">x</subfield>
  </datafield>
  <datafield tag="941" ind1=" " ind2=" ">
    <subfield code="5">800212102:404801854</subfield>
    <subfield code="a">20100920</subfield>
    <subfield code="b">10:08:32.000</subfield>
  </datafield>
  <datafield tag="930" ind1=" " ind2=" ">
    <subfield code="5">591782101:408764104</subfield>
    <subfield code="b">591782101</subfield>
    <subfield code="a">331.02 GOI</subfield>
    <subfield code="j">u</subfield>
  </datafield>
  <datafield tag="940" ind1=" " ind2=" ">
    <subfield code="5">591782101:408764104</subfield>
    <subfield code="a">20101110</subfield>
    <subfield code="b">x</subfield>
  </datafield>
  <datafield tag="941" ind1=" " ind2=" ">
    <subfield code="5">591782101:408764104</subfield>
    <subfield code="a">20101110</subfield>
    <subfield code="b">09:31:54.000</subfield>
  </datafield>
  <datafield tag="915" ind1=" " ind2=" ">
    <subfield code="5">250562104:404228690</subfield>
    <subfield code="b">1149458437</subfield>
  </datafield>
  <datafield tag="930" ind1=" " ind2=" ">
    <subfield code="5">250562104:404228690</subfield>
    <subfield code="b">250562104</subfield>
    <subfield code="a">009.1 GOI</subfield>
    <subfield code="j">u</subfield>
  </datafield>
  <datafield tag="940" ind1=" " ind2=" ">
    <subfield code="5">250562104:404228690</subfield>
    <subfield code="a">20100909</subfield>
    <subfield code="b">x3</subfield>
  </datafield>
  <datafield tag="941" ind1=" " ind2=" ">
    <subfield code="5">250562104:404228690</subfield>
    <subfield code="a">20100909</subfield>
    <subfield code="b">16:34:51.000</subfield>
  </datafield>
  <datafield tag="915" ind1=" " ind2=" ">
    <subfield code="5">250562103:404260896</subfield>
    <subfield code="b">1148243744</subfield>
  </datafield>
  <datafield tag="930" ind1=" " ind2=" ">
    <subfield code="5">250562103:404260896</subfield>
    <subfield code="b">250562103</subfield>
    <subfield code="a">100.42 GOI</subfield>
    <subfield code="j">u</subfield>
  </datafield>
  <datafield tag="940" ind1=" " ind2=" ">
    <subfield code="5">250562103:404260896</subfield>
    <subfield code="a">20100910</subfield>
    <subfield code="b">x</subfield>
  </datafield>
  <datafield tag="941" ind1=" " ind2=" ">
    <subfield code="5">250562103:404260896</subfield>
    <subfield code="a">20100910</subfield>
    <subfield code="b">10:56:11.000</subfield>
  </datafield>
  <datafield tag="915" ind1=" " ind2=" ">
    <subfield code="5">253882101:409610429</subfield>
    <subfield code="b">1148497079</subfield>
  </datafield>
  <datafield tag="930" ind1=" " ind2=" ">
    <subfield code="5">253882101:409610429</subfield>
    <subfield code="b">253882101</subfield>
    <subfield code="a">378.3210 D</subfield>
    <subfield code="j">u</subfield>
  </datafield>
  <datafield tag="940" ind1=" " ind2=" ">
    <subfield code="5">253882101:409610429</subfield>
    <subfield code="a">20101122</subfield>
    <subfield code="b">x</subfield>
  </datafield>
  <datafield tag="941" ind1=" " ind2=" ">
    <subfield code="5">253882101:409610429</subfield>
    <subfield code="a">20101122</subfield>
    <subfield code="b">11:33:36.000</subfield>
  </datafield>
  <datafield tag="915" ind1=" " ind2=" ">
    <subfield code="5">705502201:413845109</subfield>
    <subfield code="b">1148704535</subfield>
  </datafield>
  <datafield tag="930" ind1=" " ind2=" ">
    <subfield code="5">705502201:413845109</subfield>
    <subfield code="b">705502201</subfield>
    <subfield code="a">371.4 GOI</subfield>
    <subfield code="j">u</subfield>
  </datafield>
  <datafield tag="940" ind1=" " ind2=" ">
    <subfield code="5">705502201:413845109</subfield>
    <subfield code="a">20110124</subfield>
    <subfield code="b">x</subfield>
  </datafield>
  <datafield tag="941" ind1=" " ind2=" ">
    <subfield code="5">705502201:413845109</subfield>
    <subfield code="a">20110615</subfield>
    <subfield code="b">14:50:57.000</subfield>
  </datafield>
  <datafield tag="930" ind1=" " ind2=" ">
    <subfield code="5">331922101:403932947</subfield>
    <subfield code="b">331922101</subfield>
    <subfield code="a">331.7 GOI</subfield>
    <subfield code="j">u</subfield>
  </datafield>
  <datafield tag="940" ind1=" " ind2=" ">
    <subfield code="5">331922101:403932947</subfield>
    <subfield code="a">20100906</subfield>
    <subfield code="b">x</subfield>
  </datafield>
  <datafield tag="941" ind1=" " ind2=" ">
    <subfield code="5">331922101:403932947</subfield>
    <subfield code="a">20100906</subfield>
    <subfield code="b">09:56:41.000</subfield>
  </datafield>
  <datafield tag="930" ind1=" " ind2=" ">
    <subfield code="5">243222202:414318390</subfield>
    <subfield code="b">243222202</subfield>
    <subfield code="c">DEJEP</subfield>
    <subfield code="a">371.4 MET ENV</subfield>
    <subfield code="j">u</subfield>
  </datafield>
  <datafield tag="940" ind1=" " ind2=" ">
    <subfield code="5">243222202:414318390</subfield>
    <subfield code="a">20110127</subfield>
    <subfield code="b">x</subfield>
  </datafield>
  <datafield tag="941" ind1=" " ind2=" ">
    <subfield code="5">243222202:414318390</subfield>
    <subfield code="a">20160324</subfield>
    <subfield code="b">16:05:28.000</subfield>
  </datafield>
  <datafield tag="930" ind1=" " ind2=" ">
    <subfield code="5">335222102:414856112</subfield>
    <subfield code="b">335222102</subfield>
    <subfield code="a">371.4 ENV 2010</subfield>
    <subfield code="j">u</subfield>
  </datafield>
  <datafield tag="940" ind1=" " ind2=" ">
    <subfield code="5">335222102:414856112</subfield>
    <subfield code="a">20110203</subfield>
    <subfield code="b">x</subfield>
  </datafield>
  <datafield tag="941" ind1=" " ind2=" ">
    <subfield code="5">335222102:414856112</subfield>
    <subfield code="a">20110526</subfield>
    <subfield code="b">11:34:17.000</subfield>
  </datafield>
  <datafield tag="930" ind1=" " ind2=" ">
    <subfield code="5">292322101:409983918</subfield>
    <subfield code="b">292322101</subfield>
    <subfield code="a">378 GOI</subfield>
    <subfield code="j">u</subfield>
  </datafield>
  <datafield tag="940" ind1=" " ind2=" ">
    <subfield code="5">292322101:409983918</subfield>
    <subfield code="a">20101125</subfield>
    <subfield code="b">x</subfield>
  </datafield>
  <datafield tag="941" ind1=" " ind2=" ">
    <subfield code="5">292322101:409983918</subfield>
    <subfield code="a">20101125</subfield>
    <subfield code="b">13:58:22.000</subfield>
  </datafield>
  <datafield tag="930" ind1=" " ind2=" ">
    <subfield code="5">951272102:405466870</subfield>
    <subfield code="b">951272102</subfield>
    <subfield code="a">371.4 GOI</subfield>
    <subfield code="j">u</subfield>
  </datafield>
  <datafield tag="940" ind1=" " ind2=" ">
    <subfield code="5">951272102:405466870</subfield>
    <subfield code="a">20100927</subfield>
    <subfield code="b">x</subfield>
  </datafield>
  <datafield tag="941" ind1=" " ind2=" ">
    <subfield code="5">951272102:405466870</subfield>
    <subfield code="a">20100927</subfield>
    <subfield code="b">10:15:29.000</subfield>
  </datafield>
  <datafield tag="930" ind1=" " ind2=" ">
    <subfield code="5">150142101:410227013</subfield>
    <subfield code="b">150142101</subfield>
    <subfield code="j">g</subfield>
  </datafield>
  <datafield tag="940" ind1=" " ind2=" ">
    <subfield code="5">150142101:410227013</subfield>
    <subfield code="a">20101129</subfield>
    <subfield code="b">x</subfield>
  </datafield>
  <datafield tag="941" ind1=" " ind2=" ">
    <subfield code="5">150142101:410227013</subfield>
    <subfield code="a">20101129</subfield>
    <subfield code="b">14:50:28.000</subfield>
  </datafield>
  <datafield tag="930" ind1=" " ind2=" ">
    <subfield code="5">200962101:406135711</subfield>
    <subfield code="b">200962101</subfield>
    <subfield code="a">331.12 GOI 83219</subfield>
    <subfield code="j">u</subfield>
  </datafield>
  <datafield tag="940" ind1=" " ind2=" ">
    <subfield code="5">200962101:406135711</subfield>
    <subfield code="a">20101001</subfield>
    <subfield code="b">x</subfield>
  </datafield>
  <datafield tag="941" ind1=" " ind2=" ">
    <subfield code="5">200962101:406135711</subfield>
    <subfield code="a">20101001</subfield>
    <subfield code="b">10:28:02.000</subfield>
  </datafield>
  <datafield tag="930" ind1=" " ind2=" ">
    <subfield code="5">384212202:469032790</subfield>
    <subfield code="b">384212202</subfield>
    <subfield code="j">g</subfield>
  </datafield>
  <datafield tag="940" ind1=" " ind2=" ">
    <subfield code="5">384212202:469032790</subfield>
    <subfield code="a">20121205</subfield>
    <subfield code="b">x</subfield>
  </datafield>
  <datafield tag="941" ind1=" " ind2=" ">
    <subfield code="5">384212202:469032790</subfield>
    <subfield code="a">20121205</subfield>
    <subfield code="b">10:46:13.000</subfield>
  </datafield>
  <datafield tag="930" ind1=" " ind2=" ">
    <subfield code="5">870852229:407418229</subfield>
    <subfield code="b">870852229</subfield>
    <subfield code="j">g</subfield>
  </datafield>
  <datafield tag="940" ind1=" " ind2=" ">
    <subfield code="5">870852229:407418229</subfield>
    <subfield code="a">20101019</subfield>
    <subfield code="b">x</subfield>
  </datafield>
  <datafield tag="941" ind1=" " ind2=" ">
    <subfield code="5">870852229:407418229</subfield>
    <subfield code="a">20101019</subfield>
    <subfield code="b">17:04:39.000</subfield>
  </datafield>
  <datafield tag="930" ind1=" " ind2=" ">
    <subfield code="5">870852204:407877428</subfield>
    <subfield code="b">870852204</subfield>
    <subfield code="a">003.9 GOI</subfield>
    <subfield code="j">u</subfield>
  </datafield>
  <datafield tag="940" ind1=" " ind2=" ">
    <subfield code="5">870852204:407877428</subfield>
    <subfield code="a">20101026</subfield>
    <subfield code="b">x</subfield>
  </datafield>
  <datafield tag="941" ind1=" " ind2=" ">
    <subfield code="5">870852204:407877428</subfield>
    <subfield code="a">20101026</subfield>
    <subfield code="b">15:17:39.000</subfield>
  </datafield>
  <datafield tag="915" ind1=" " ind2=" ">
    <subfield code="5">692662101:411897861</subfield>
    <subfield code="b">20200049</subfield>
  </datafield>
  <datafield tag="917" ind1=" " ind2=" ">
    <subfield code="5">692662101:411897861</subfield>
    <subfield code="a">aaaa</subfield>
  </datafield>
  <datafield tag="930" ind1=" " ind2=" ">
    <subfield code="5">692662101:411897861</subfield>
    <subfield code="b">692662101</subfield>
    <subfield code="a">379.4 GOI</subfield>
    <subfield code="j">u</subfield>
  </datafield>
  <datafield tag="940" ind1=" " ind2=" ">
    <subfield code="5">692662101:411897861</subfield>
    <subfield code="a">20101221</subfield>
    <subfield code="b">x</subfield>
  </datafield>
  <datafield tag="941" ind1=" " ind2=" ">
    <subfield code="5">692662101:411897861</subfield>
    <subfield code="a">20101221</subfield>
    <subfield code="b">09:07:23.000</subfield>
  </datafield>
  <datafield tag="930" ind1=" " ind2=" ">
    <subfield code="5">693872102:402883837</subfield>
    <subfield code="b">693872102</subfield>
    <subfield code="j">u</subfield>
  </datafield>
  <datafield tag="940" ind1=" " ind2=" ">
    <subfield code="5">693872102:402883837</subfield>
    <subfield code="a">20100722</subfield>
    <subfield code="b">x</subfield>
  </datafield>
  <datafield tag="941" ind1=" " ind2=" ">
    <subfield code="5">693872102:402883837</subfield>
    <subfield code="a">20100722</subfield>
    <subfield code="b">16:39:18.000</subfield>
  </datafield>
  <datafield tag="930" ind1=" " ind2=" ">
    <subfield code="5">693872301:408452552</subfield>
    <subfield code="b">693872301</subfield>
    <subfield code="j">g</subfield>
  </datafield>
  <datafield tag="940" ind1=" " ind2=" ">
    <subfield code="5">693872301:408452552</subfield>
    <subfield code="a">20101104</subfield>
    <subfield code="b">x</subfield>
  </datafield>
  <datafield tag="941" ind1=" " ind2=" ">
    <subfield code="5">693872301:408452552</subfield>
    <subfield code="a">20101104</subfield>
    <subfield code="b">18:34:26.000</subfield>
  </datafield>
  <datafield tag="915" ind1=" " ind2=" ">
    <subfield code="5">060882101:406495130</subfield>
    <subfield code="a">2010-SCIEN-356</subfield>
    <subfield code="b">0092044665</subfield>
  </datafield>
  <datafield tag="917" ind1=" " ind2=" ">
    <subfield code="5">060882101:406495130</subfield>
    <subfield code="a">aaac</subfield>
  </datafield>
  <datafield tag="930" ind1=" " ind2=" ">
    <subfield code="5">060882101:406495130</subfield>
    <subfield code="b">060882101</subfield>
    <subfield code="c">SCIEN</subfield>
    <subfield code="d">DOC</subfield>
    <subfield code="a">331.7 GOI</subfield>
    <subfield code="j">u</subfield>
  </datafield>
  <datafield tag="940" ind1=" " ind2=" ">
    <subfield code="5">060882101:406495130</subfield>
    <subfield code="a">20101006</subfield>
    <subfield code="b">x</subfield>
  </datafield>
  <datafield tag="941" ind1=" " ind2=" ">
    <subfield code="5">060882101:406495130</subfield>
    <subfield code="a">20101011</subfield>
    <subfield code="b">17:38:28.000</subfield>
  </datafield>
  <datafield tag="930" ind1=" " ind2=" ">
    <subfield code="5">180332101:406452598</subfield>
    <subfield code="b">180332101</subfield>
    <subfield code="a">BI 10-673</subfield>
    <subfield code="j">u</subfield>
  </datafield>
  <datafield tag="940" ind1=" " ind2=" ">
    <subfield code="5">180332101:406452598</subfield>
    <subfield code="a">20101005</subfield>
    <subfield code="b">x</subfield>
  </datafield>
  <datafield tag="941" ind1=" " ind2=" ">
    <subfield code="5">180332101:406452598</subfield>
    <subfield code="a">20101005</subfield>
    <subfield code="b">16:16:23.000</subfield>
  </datafield>
  <datafield tag="930" ind1=" " ind2=" ">
    <subfield code="5">641022101:414405617</subfield>
    <subfield code="b">641022101</subfield>
    <subfield code="j">u</subfield>
  </datafield>
  <datafield tag="940" ind1=" " ind2=" ">
    <subfield code="5">641022101:414405617</subfield>
    <subfield code="a">20110128</subfield>
    <subfield code="b">x</subfield>
  </datafield>
  <datafield tag="941" ind1=" " ind2=" ">
    <subfield code="5">641022101:414405617</subfield>
    <subfield code="a">20110325</subfield>
    <subfield code="b">16:08:38.000</subfield>
  </datafield>
  <datafield tag="930" ind1=" " ind2=" ">
    <subfield code="5">791912201:429097581</subfield>
    <subfield code="b">791912201</subfield>
    <subfield code="j">u</subfield>
  </datafield>
  <datafield tag="940" ind1=" " ind2=" ">
    <subfield code="5">791912201:429097581</subfield>
    <subfield code="a">20110720</subfield>
    <subfield code="b">x</subfield>
  </datafield>
  <datafield tag="941" ind1=" " ind2=" ">
    <subfield code="5">791912201:429097581</subfield>
    <subfield code="a">20110720</subfield>
    <subfield code="b">11:26:07.000</subfield>
  </datafield>
  <datafield tag="915" ind1=" " ind2=" ">
    <subfield code="5">514542101:407578641</subfield>
    <subfield code="a">ST101328</subfield>
  </datafield>
  <datafield tag="917" ind1=" " ind2=" ">
    <subfield code="5">514542101:407578641</subfield>
    <subfield code="a">aaax</subfield>
  </datafield>
  <datafield tag="930" ind1=" " ind2=" ">
    <subfield code="5">514542101:407578641</subfield>
    <subfield code="b">514542101</subfield>
    <subfield code="j">u</subfield>
  </datafield>
  <datafield tag="940" ind1=" " ind2=" ">
    <subfield code="5">514542101:407578641</subfield>
    <subfield code="a">20101021</subfield>
    <subfield code="b">x</subfield>
  </datafield>
  <datafield tag="941" ind1=" " ind2=" ">
    <subfield code="5">514542101:407578641</subfield>
    <subfield code="a">20110429</subfield>
    <subfield code="b">16:03:08.000</subfield>
  </datafield>
  <datafield tag="930" ind1=" " ind2=" ">
    <subfield code="5">352382102:404724191</subfield>
    <subfield code="b">352382102</subfield>
    <subfield code="j">u</subfield>
  </datafield>
  <datafield tag="940" ind1=" " ind2=" ">
    <subfield code="5">352382102:404724191</subfield>
    <subfield code="a">20100917</subfield>
    <subfield code="b">x</subfield>
  </datafield>
  <datafield tag="941" ind1=" " ind2=" ">
    <subfield code="5">352382102:404724191</subfield>
    <subfield code="a">20161024</subfield>
    <subfield code="b">21:32:30.000</subfield>
  </datafield>
  <datafield tag="930" ind1=" " ind2=" ">
    <subfield code="5">352382243:432121730</subfield>
    <subfield code="b">352382243</subfield>
    <subfield code="j">g</subfield>
  </datafield>
  <datafield tag="940" ind1=" " ind2=" ">
    <subfield code="5">352382243:432121730</subfield>
    <subfield code="a">20110921</subfield>
    <subfield code="b">x</subfield>
  </datafield>
  <datafield tag="941" ind1=" " ind2=" ">
    <subfield code="5">352382243:432121730</subfield>
    <subfield code="a">20161024</subfield>
    <subfield code="b">21:32:30.000</subfield>
  </datafield>
  <datafield tag="930" ind1=" " ind2=" ">
    <subfield code="5">421872101:406272336</subfield>
    <subfield code="b">421872101</subfield>
    <subfield code="j">u</subfield>
  </datafield>
  <datafield tag="940" ind1=" " ind2=" ">
    <subfield code="5">421872101:406272336</subfield>
    <subfield code="a">20101004</subfield>
    <subfield code="b">x</subfield>
  </datafield>
  <datafield tag="941" ind1=" " ind2=" ">
    <subfield code="5">421872101:406272336</subfield>
    <subfield code="a">20101004</subfield>
    <subfield code="b">15:13:18.000</subfield>
  </datafield>
  <datafield tag="915" ind1=" " ind2=" ">
    <subfield code="5">672182102:403310547</subfield>
    <subfield code="b">2290172738</subfield>
  </datafield>
  <datafield tag="919" ind1=" " ind2=" ">
    <subfield code="5">672182102:403310547</subfield>
    <subfield code="a">aj</subfield>
  </datafield>
  <datafield tag="930" ind1=" " ind2=" ">
    <subfield code="5">672182102:403310547</subfield>
    <subfield code="b">672182102</subfield>
    <subfield code="a">331.7 GOI</subfield>
    <subfield code="j">u</subfield>
  </datafield>
  <datafield tag="940" ind1=" " ind2=" ">
    <subfield code="5">672182102:403310547</subfield>
    <subfield code="a">20100817</subfield>
    <subfield code="b">x</subfield>
  </datafield>
  <datafield tag="941" ind1=" " ind2=" ">
    <subfield code="5">672182102:403310547</subfield>
    <subfield code="a">20150112</subfield>
    <subfield code="b">08:25:48.000</subfield>
  </datafield>
  <datafield tag="930" ind1=" " ind2=" ">
    <subfield code="5">315552348:407105107</subfield>
    <subfield code="b">315552348</subfield>
    <subfield code="a">331.7 AGR GOI</subfield>
    <subfield code="j">g</subfield>
  </datafield>
  <datafield tag="940" ind1=" " ind2=" ">
    <subfield code="5">315552348:407105107</subfield>
    <subfield code="a">20101014</subfield>
    <subfield code="b">x</subfield>
  </datafield>
  <datafield tag="941" ind1=" " ind2=" ">
    <subfield code="5">315552348:407105107</subfield>
    <subfield code="a">20150511</subfield>
    <subfield code="b">13:26:34.000</subfield>
  </datafield>
  <datafield tag="930" ind1=" " ind2=" ">
    <subfield code="5">315552102:420270175</subfield>
    <subfield code="b">315552102</subfield>
    <subfield code="j">u</subfield>
  </datafield>
  <datafield tag="940" ind1=" " ind2=" ">
    <subfield code="5">315552102:420270175</subfield>
    <subfield code="a">20110407</subfield>
    <subfield code="b">x</subfield>
  </datafield>
  <datafield tag="941" ind1=" " ind2=" ">
    <subfield code="5">315552102:420270175</subfield>
    <subfield code="a">20110407</subfield>
    <subfield code="b">13:43:41.000</subfield>
  </datafield>
  <datafield tag="915" ind1=" " ind2=" ">
    <subfield code="5">596062101:40901348X</subfield>
    <subfield code="b">3002400591818</subfield>
  </datafield>
  <datafield tag="917" ind1=" " ind2=" ">
    <subfield code="5">596062101:40901348X</subfield>
    <subfield code="a">aaac</subfield>
  </datafield>
  <datafield tag="930" ind1=" " ind2=" ">
    <subfield code="5">596062101:40901348X</subfield>
    <subfield code="b">596062101</subfield>
    <subfield code="d">MHOUY</subfield>
    <subfield code="l">CONP</subfield>
    <subfield code="a">AZ 91 ENV</subfield>
    <subfield code="j">u</subfield>
  </datafield>
  <datafield tag="940" ind1=" " ind2=" ">
    <subfield code="5">596062101:40901348X</subfield>
    <subfield code="a">20101115</subfield>
    <subfield code="b">x</subfield>
  </datafield>
  <datafield tag="941" ind1=" " ind2=" ">
    <subfield code="5">596062101:40901348X</subfield>
    <subfield code="a">20130207</subfield>
    <subfield code="b">12:38:28.000</subfield>
  </datafield>
  <datafield tag="915" ind1=" " ind2=" ">
    <subfield code="5">596062102:410049336</subfield>
    <subfield code="b">3002400589806</subfield>
  </datafield>
  <datafield tag="917" ind1=" " ind2=" ">
    <subfield code="5">596062102:410049336</subfield>
    <subfield code="a">aaac</subfield>
  </datafield>
  <datafield tag="930" ind1=" " ind2=" ">
    <subfield code="5">596062102:410049336</subfield>
    <subfield code="b">596062102</subfield>
    <subfield code="d">BHARP</subfield>
    <subfield code="l">REFT</subfield>
    <subfield code="a">AG 509.1 ENV</subfield>
    <subfield code="j">u</subfield>
  </datafield>
  <datafield tag="940" ind1=" " ind2=" ">
    <subfield code="5">596062102:410049336</subfield>
    <subfield code="a">20101126</subfield>
    <subfield code="b">x</subfield>
  </datafield>
  <datafield tag="941" ind1=" " ind2=" ">
    <subfield code="5">596062102:410049336</subfield>
    <subfield code="a">20101126</subfield>
    <subfield code="b">09:24:36.000</subfield>
  </datafield>
  <datafield tag="915" ind1=" " ind2=" ">
    <subfield code="5">596062102:410049344</subfield>
    <subfield code="b">3002400589807</subfield>
  </datafield>
  <datafield tag="917" ind1=" " ind2=" ">
    <subfield code="5">596062102:410049344</subfield>
    <subfield code="a">aaac</subfield>
  </datafield>
  <datafield tag="930" ind1=" " ind2=" ">
    <subfield code="5">596062102:410049344</subfield>
    <subfield code="b">596062102</subfield>
    <subfield code="d">BHARP</subfield>
    <subfield code="l">REFT</subfield>
    <subfield code="a">AG 509.1 ENV</subfield>
    <subfield code="j">u</subfield>
  </datafield>
  <datafield tag="940" ind1=" " ind2=" ">
    <subfield code="5">596062102:410049344</subfield>
    <subfield code="a">20101126</subfield>
    <subfield code="b">x</subfield>
  </datafield>
  <datafield tag="941" ind1=" " ind2=" ">
    <subfield code="5">596062102:410049344</subfield>
    <subfield code="a">20101126</subfield>
    <subfield code="b">09:24:36.000</subfield>
  </datafield>
  <datafield tag="930" ind1=" " ind2=" ">
    <subfield code="5">751132102:407261257</subfield>
    <subfield code="b">751132102</subfield>
    <subfield code="j">u</subfield>
  </datafield>
  <datafield tag="940" ind1=" " ind2=" ">
    <subfield code="5">751132102:407261257</subfield>
    <subfield code="a">20101018</subfield>
    <subfield code="b">x</subfield>
  </datafield>
  <datafield tag="941" ind1=" " ind2=" ">
    <subfield code="5">751132102:407261257</subfield>
    <subfield code="a">20101018</subfield>
    <subfield code="b">11:17:05.000</subfield>
  </datafield>
  <datafield tag="991" ind1=" " ind2=" ">
    <subfield code="5">751132102:407261257</subfield>
    <subfield code="a">SCH-LOC-2010</subfield>
  </datafield>
  <datafield tag="930" ind1=" " ind2=" ">
    <subfield code="5">920502102:405644698</subfield>
    <subfield code="b">920502102</subfield>
    <subfield code="j">u</subfield>
  </datafield>
  <datafield tag="940" ind1=" " ind2=" ">
    <subfield code="5">920502102:405644698</subfield>
    <subfield code="a">20100928</subfield>
    <subfield code="b">x</subfield>
  </datafield>
  <datafield tag="941" ind1=" " ind2=" ">
    <subfield code="5">920502102:405644698</subfield>
    <subfield code="a">20100928</subfield>
    <subfield code="b">16:36:22.000</subfield>
  </datafield>
  <datafield tag="915" ind1=" " ind2=" ">
    <subfield code="5">920712101:408406909</subfield>
    <subfield code="a">9500387002</subfield>
  </datafield>
  <datafield tag="930" ind1=" " ind2=" ">
    <subfield code="5">920712101:408406909</subfield>
    <subfield code="b">920712101</subfield>
    <subfield code="a">EM 331.12 GOI</subfield>
    <subfield code="j">u</subfield>
  </datafield>
  <datafield tag="940" ind1=" " ind2=" ">
    <subfield code="5">920712101:408406909</subfield>
    <subfield code="a">20101104</subfield>
    <subfield code="b">x</subfield>
  </datafield>
  <datafield tag="941" ind1=" " ind2=" ">
    <subfield code="5">920712101:408406909</subfield>
    <subfield code="a">20150604</subfield>
    <subfield code="b">11:13:12.000</subfield>
  </datafield>
  <datafield tag="930" ind1=" " ind2=" ">
    <subfield code="5">751052108:406274231</subfield>
    <subfield code="b">751052108</subfield>
    <subfield code="a">331.7 GOI</subfield>
    <subfield code="j">u</subfield>
  </datafield>
  <datafield tag="940" ind1=" " ind2=" ">
    <subfield code="5">751052108:406274231</subfield>
    <subfield code="a">20101004</subfield>
    <subfield code="b">x</subfield>
  </datafield>
  <datafield tag="941" ind1=" " ind2=" ">
    <subfield code="5">751052108:406274231</subfield>
    <subfield code="a">20151005</subfield>
    <subfield code="b">13:26:16.000</subfield>
  </datafield>
  <datafield tag="915" ind1=" " ind2=" ">
    <subfield code="5">543952108:403970938</subfield>
    <subfield code="a">25211</subfield>
    <subfield code="b">D25211</subfield>
  </datafield>
  <datafield tag="930" ind1=" " ind2=" ">
    <subfield code="5">543952108:403970938</subfield>
    <subfield code="b">543952108</subfield>
    <subfield code="c">Orientation professionnelle</subfield>
    <subfield code="a">371.42 ENV</subfield>
    <subfield code="j">g</subfield>
  </datafield>
  <datafield tag="940" ind1=" " ind2=" ">
    <subfield code="5">543952108:403970938</subfield>
    <subfield code="a">20100906</subfield>
    <subfield code="b">x</subfield>
  </datafield>
  <datafield tag="941" ind1=" " ind2=" ">
    <subfield code="5">543952108:403970938</subfield>
    <subfield code="a">20140605</subfield>
    <subfield code="b">13:03:34.000</subfield>
  </datafield>
  <datafield tag="915" ind1=" " ind2=" ">
    <subfield code="5">543952107:407513841</subfield>
    <subfield code="b">N2D0089838</subfield>
  </datafield>
  <datafield tag="930" ind1=" " ind2=" ">
    <subfield code="5">543952107:407513841</subfield>
    <subfield code="b">543952107</subfield>
    <subfield code="a">371.4 GOI</subfield>
    <subfield code="j">u</subfield>
  </datafield>
  <datafield tag="940" ind1=" " ind2=" ">
    <subfield code="5">543952107:407513841</subfield>
    <subfield code="a">20101020</subfield>
    <subfield code="b">x</subfield>
  </datafield>
  <datafield tag="941" ind1=" " ind2=" ">
    <subfield code="5">543952107:407513841</subfield>
    <subfield code="a">20150223</subfield>
    <subfield code="b">14:45:06.000</subfield>
  </datafield>
  <datafield tag="930" ind1=" " ind2=" ">
    <subfield code="5">692662301:443856370</subfield>
    <subfield code="b">692662301</subfield>
    <subfield code="a">D35 371.425 4 GOI</subfield>
    <subfield code="j">u</subfield>
  </datafield>
  <datafield tag="940" ind1=" " ind2=" ">
    <subfield code="5">692662301:443856370</subfield>
    <subfield code="a">20120215</subfield>
    <subfield code="b">x</subfield>
  </datafield>
  <datafield tag="941" ind1=" " ind2=" ">
    <subfield code="5">692662301:443856370</subfield>
    <subfield code="a">20120215</subfield>
    <subfield code="b">12:42:42.000</subfield>
  </datafield>
  <datafield tag="915" ind1=" " ind2=" ">
    <subfield code="5">751052101:403223253</subfield>
    <subfield code="a">a/93729</subfield>
    <subfield code="b">G000169165</subfield>
  </datafield>
  <datafield tag="917" ind1=" " ind2=" ">
    <subfield code="5">751052101:403223253</subfield>
    <subfield code="a">aaac</subfield>
  </datafield>
  <datafield tag="930" ind1=" " ind2=" ">
    <subfield code="5">751052101:403223253</subfield>
    <subfield code="b">751052101</subfield>
    <subfield code="c">Banque de prêt 2e étage</subfield>
    <subfield code="d">en magasin</subfield>
    <subfield code="a">G 5-1920</subfield>
    <subfield code="j">b</subfield>
  </datafield>
  <datafield tag="940" ind1=" " ind2=" ">
    <subfield code="5">751052101:403223253</subfield>
    <subfield code="a">20100810</subfield>
    <subfield code="b">x</subfield>
  </datafield>
  <datafield tag="941" ind1=" " ind2=" ">
    <subfield code="5">751052101:403223253</subfield>
    <subfield code="a">20100810</subfield>
    <subfield code="b">11:26:49.000</subfield>
  </datafield>
  <datafield tag="992" ind1=" " ind2=" ">
    <subfield code="5">751052101:403223253</subfield>
    <subfield code="a">A</subfield>
  </datafield>
  <datafield tag="999" ind1=" " ind2=" ">
    <subfield code="5">751052101:403223253</subfield>
    <subfield code="a">rcy</subfield>
    <subfield code="b">ML</subfield>
    <subfield code="i">10-09</subfield>
  </datafield>
  <datafield tag="915" ind1=" " ind2=" ">
    <subfield code="5">751052144:417586949</subfield>
    <subfield code="b">3351603637</subfield>
  </datafield>
  <datafield tag="930" ind1=" " ind2=" ">
    <subfield code="5">751052144:417586949</subfield>
    <subfield code="b">751052144</subfield>
    <subfield code="a">371.425 ETU</subfield>
    <subfield code="j">i</subfield>
  </datafield>
  <datafield tag="940" ind1=" " ind2=" ">
    <subfield code="5">751052144:417586949</subfield>
    <subfield code="a">20110304</subfield>
    <subfield code="b">x</subfield>
  </datafield>
  <datafield tag="941" ind1=" " ind2=" ">
    <subfield code="5">751052144:417586949</subfield>
    <subfield code="a">20110304</subfield>
    <subfield code="b">11:42:28.000</subfield>
  </datafield>
  <datafield tag="999" ind1=" " ind2=" ">
    <subfield code="5">751052144:417586949</subfield>
    <subfield code="a">EM</subfield>
    <subfield code="b">VIE0B</subfield>
  </datafield>
  <datafield tag="915" ind1=" " ind2=" ">
    <subfield code="5">290195209:405417969</subfield>
    <subfield code="a">1093664599</subfield>
  </datafield>
  <datafield tag="930" ind1=" " ind2=" ">
    <subfield code="5">290195209:405417969</subfield>
    <subfield code="b">290195209</subfield>
    <subfield code="a">A340-GOI-M</subfield>
    <subfield code="j">g</subfield>
  </datafield>
  <datafield tag="940" ind1=" " ind2=" ">
    <subfield code="5">290195209:405417969</subfield>
    <subfield code="a">20100924</subfield>
    <subfield code="b">x</subfield>
  </datafield>
  <datafield tag="941" ind1=" " ind2=" ">
    <subfield code="5">290195209:405417969</subfield>
    <subfield code="a">20100924</subfield>
    <subfield code="b">16:50:44.000</subfield>
  </datafield>
  <datafield tag="915" ind1=" " ind2=" ">
    <subfield code="5">690812301:405506597</subfield>
    <subfield code="a">029420</subfield>
    <subfield code="b">029420</subfield>
  </datafield>
  <datafield tag="930" ind1=" " ind2=" ">
    <subfield code="5">690812301:405506597</subfield>
    <subfield code="b">690812301</subfield>
    <subfield code="c">POLE CARRIERE ET EMPLOI</subfield>
    <subfield code="d">BC</subfield>
    <subfield code="a">331.76 GOI</subfield>
    <subfield code="j">u</subfield>
  </datafield>
  <datafield tag="940" ind1=" " ind2=" ">
    <subfield code="5">690812301:405506597</subfield>
    <subfield code="a">20100927</subfield>
    <subfield code="b">x</subfield>
  </datafield>
  <datafield tag="941" ind1=" " ind2=" ">
    <subfield code="5">690812301:405506597</subfield>
    <subfield code="a">20100927</subfield>
    <subfield code="b">14:08:30.000</subfield>
  </datafield>
  <datafield tag="930" ind1=" " ind2=" ">
    <subfield code="5">751132303:40790414X</subfield>
    <subfield code="b">751132303</subfield>
    <subfield code="j">u</subfield>
  </datafield>
  <datafield tag="940" ind1=" " ind2=" ">
    <subfield code="5">751132303:40790414X</subfield>
    <subfield code="a">20101026</subfield>
    <subfield code="b">x</subfield>
  </datafield>
  <datafield tag="941" ind1=" " ind2=" ">
    <subfield code="5">751132303:40790414X</subfield>
    <subfield code="a">20101026</subfield>
    <subfield code="b">17:31:14.000</subfield>
  </datafield>
  <datafield tag="930" ind1=" " ind2=" ">
    <subfield code="5">992012101:454336217</subfield>
    <subfield code="b">992012101</subfield>
    <subfield code="j">g</subfield>
  </datafield>
  <datafield tag="940" ind1=" " ind2=" ">
    <subfield code="5">992012101:454336217</subfield>
    <subfield code="a">20120612</subfield>
    <subfield code="b">x</subfield>
  </datafield>
  <datafield tag="941" ind1=" " ind2=" ">
    <subfield code="5">992012101:454336217</subfield>
    <subfield code="a">20120612</subfield>
    <subfield code="b">19:38:40.000</subfield>
  </datafield>
</record>

